@manual{MIPS32,
  type = {manual},
  title = {{{MIPS32}} Architecture for Programmers Volume {{II}}: {{The MIPS32}} Instruction Set},
  author = {{MIPS Technologies, Inc.}},
  date = {2018},
  edition = {Revision 5.05},
  url = {https://www.mips.com/documentation/},
  file = {/Users/juntangwang/Zotero/storage/G7UXT2XK/W020100308600769158777.pdf;/Users/juntangwang/Zotero/storage/SIZ37ZPP/MIPS_Vol2.pdf}
}

@misc{openai2024platypus,
  title = {Illustration of a Platypus},
  author = {{OpenAI}},
  date = {2024-09}
}

@misc{openai2024possum,
  title = {Illustration of a Possum},
  author = {{OpenAI}},
  date = {2024-10}
}

@book{PattersonHennessy2020,
  title = {Computer Organization and Design {{MIPS}} Edition: {{The}} Hardware/Software Interface},
  author = {Patterson, David A. and Hennessy, John L.},
  date = {2020},
  edition = {6},
  publisher = {Morgan Kaufmann},
  isbn = {978-0-12-820331-6}
}

@misc{lucidchart,
  title = {Lucidchart},
  author = {{Lucid Software Inc.}},
  year = {2024},
  url = {https://www.lucidchart.com},
  note = {Online diagramming tool}
}

@misc{boolean-algebra,
  title = {Boolean Algebra},
  author = {{Boolean-Algebra.com}},
  year = {2024},
  url = {https://www.boolean-algebra.com},
  note = {Online boolean algebra tool}
}
